@book{esimerkki,
  title = {Graph Theory},
  author = {Reinhard Diestel},
  publisher = {Springer},
  year = {2005},
  address = {Berliini},
  edition = {3.}
}

@inproceedings{Wang:2009:PMP:1639950.1640049,
 author = {Wang, Yi and Li, Fan},
 title = {How does project managers' personality matter?: building the linkage between project managers' personality and the success of software development projects},
 booktitle = {Proceedings of the 24th ACM SIGPLAN conference companion on Object oriented programming systems languages and applications},
 series = {OOPSLA '09},
 year = {2009},
 isbn = {978-1-60558-768-4},
 location = {Orlando, Florida, USA},
 pages = {867--874},
 numpages = {8},
 url = {http://doi.acm.org/10.1145/1639950.1640049},
 doi = {10.1145/1639950.1640049},
 acmid = {1640049},
 publisher = {ACM},
 address = {New York, NY, USA},
 keywords = {five factor model (FFM), personality, project manager, software project success},
} 

@inproceedings{Guo:2008:SSP:1414004.1414046,
 author = {Guo, Yuepu and Seaman, Carolyn B.},
 title = {A survey of software project managers on software process change},
 booktitle = {Proceedings of the Second ACM-IEEE international symposium on Empirical software engineering and measurement},
 series = {ESEM '08},
 year = {2008},
 isbn = {978-1-59593-971-5},
 location = {Kaiserslautern, Germany},
 pages = {263--269},
 numpages = {7},
 url = {http://doi.acm.org/10.1145/1414004.1414046},
 doi = {10.1145/1414004.1414046},
 acmid = {1414046},
 publisher = {ACM},
 address = {New York, NY, USA},
 keywords = {change, decision making, software development process, technology transfer},
} 

@inproceedings{Wang:2010:PPP:1810295.1810302,
 author = {Wang, Yi and Zhang, Min},
 title = {Penalty policies in professional software development practice: a multi-method field study},
 booktitle = {Proceedings of the 32nd ACM/IEEE International Conference on Software Engineering - Volume 2},
 series = {ICSE '10},
 year = {2010},
 isbn = {978-1-60558-719-6},
 location = {Cape Town, South Africa},
 pages = {39--47},
 numpages = {9},
 url = {http://doi.acm.org/10.1145/1810295.1810302},
 doi = {10.1145/1810295.1810302},
 acmid = {1810302},
 publisher = {ACM},
 address = {New York, NY, USA},
 keywords = {penalty policies, perception and performance of software developers, software defects},
} 

@inproceedings{Li:2006:MOS:1125170.1125182,
 author = {Li, Yan and Tan, Chuan-Hoo and Teo, Hock-Hai and Mattar, A. Talib},
 title = {Motivating open source software developers: influence of transformational and transactional leaderships},
 booktitle = {Proceedings of the 2006 ACM SIGMIS CPR conference on computer personnel research: Forty four years of computer personnel research: achievements, challenges \& the future},
 series = {SIGMIS CPR '06},
 year = {2006},
 isbn = {1-59593-349-2},
 location = {Claremont, California, USA},
 pages = {34--43},
 numpages = {10},
 url = {http://doi.acm.org/10.1145/1125170.1125182},
 doi = {10.1145/1125170.1125182},
 acmid = {1125182},
 publisher = {ACM},
 address = {New York, NY, USA},
 keywords = {leadership, motivation, open source software development},
} 

@INPROCEEDINGS{4017705, 
author={Debnath, N.C. and Uzal, R. and Montejano, G. and Riesco, D.}, 
booktitle={Electro/information Technology, 2006 IEEE International Conference on}, title={Software Projects Leadership: Elements to Redefine "risk management" Scope and Meaning}, 
year={2006}, 
month={may}, 
volume={}, 
number={}, 
pages={280 -284}, 
keywords={Application software;Conference management;Delay;Environmental management;Monitoring;Procurement;Project management;Risk analysis;Risk management;Software engineering;management of change;project management;risk management;software engineering;software management;environmental changes;project environment changes;real world software projects;software project change management;software project risk management;software projects leadership;"software project change management";"software project management";"software project risk management";}, 
doi={10.1109/EIT.2006.252148}, 
ISSN={},}

@article{McLeod:2011:FAS:1978802.1978803,
 author = {McLeod, Laurie and MacDonell, Stephen G.},
 title = {Factors that affect software systems development project outcomes: A survey of research},
 journal = {ACM Comput. Surv.},
 issue_date = {October 2011},
 volume = {43},
 number = {4},
 month = oct,
 year = {2011},
 issn = {0360-0300},
 pages = {24:1--24:56},
 articleno = {24},
 numpages = {56},
 url = {http://doi.acm.org/10.1145/1978802.1978803},
 doi = {10.1145/1978802.1978803},
 acmid = {1978803},
 publisher = {ACM},
 address = {New York, NY, USA},
 keywords = {Development processes, institutional context, people and action, project content, project outcomes},
} 