@book{esimerkki,
  title = {Graph Theory},
  author = {Reinhard Diestel},
  publisher = {Springer},
  year = {2005},
  address = {Berliini},
  edition = {3.}
}

@inproceedings{Wang:2009:PMP:1639950.1640049,
 author = {Wang, Yi and Li, Fan},
 title = {How does project managers' personality matter?: building the linkage between project managers' personality and the success of software development projects},
 booktitle = {Proceedings of the 24th ACM SIGPLAN conference companion on Object oriented programming systems languages and applications},
 series = {OOPSLA '09},
 year = {2009},
 isbn = {978-1-60558-768-4},
 location = {Orlando, Florida, USA},
 pages = {867--874},
 numpages = {8},
 url = {http://doi.acm.org/10.1145/1639950.1640049},
 doi = {10.1145/1639950.1640049},
 acmid = {1640049},
 publisher = {ACM},
 address = {New York, NY, USA},
 keywords = {five factor model (FFM), personality, project manager, software project success},
} 